%% This BibTeX bibliography file was created using BibDesk.
%% http://bibdesk.sourceforge.net/


%% Created for Matt at 2018-02-04 19:50:05 -0500 


%% Saved with string encoding Unicode (UTF-8) 



@misc{Rankin:2010,
	Author = {Matthew Rankin},
	Date-Added = {2018-02-05 00:47:47 +0000},
	Date-Modified = {2018-02-05 00:49:53 +0000},
	Howpublished = {\url{https://stackoverflow.com/questions/2003505/how-do-i-delete-a-git-branch-both-locally-and-remotely#2003515}},
	Month = {5 January},
	Title = {Response to ``{F}ailed Attempts to Delete Remote Branch'' by {M}atthew {R}ankin},
	Year = {2010}}

@misc{Onkelinx:2017,
	Author = {Thierry Onkelinx},
	Date-Added = {2018-02-05 00:41:15 +0000},
	Date-Modified = {2018-02-05 00:50:05 +0000},
	Howpublished = {\url{https://support.rstudio.com/hc/en-us/community/posts/200666727-push-branch}},
	Month = {May},
	Title = {Response to ``push branch'' question from {I}an {P}ylvainen},
	Year = {2017}}

@misc{Driessen:2010,
	Author = {Vincent Driessen},
	Date-Added = {2018-02-05 00:33:26 +0000},
	Date-Modified = {2018-02-05 00:37:10 +0000},
	Howpublished = {\url{http://nvie.com/posts/a-successful-git-branching-model/}},
	Month = {5 January},
	Title = {A successful Git branching model},
	Year = {2010}}
